%
% Bibliography
%
% Add your references here in BibTeX format.
% You can export BibTeX entries from Google Scholar, PubMed, IEEE Xplore, etc.
%


% Example references for mTBI and pupillometry
% Replace these with your actual references


% Example article
@article{example_pupillometry_2024,
  title         = {Quantitative pupillometry as a biomarker for mild traumatic brain injury},
  author        = {Author, First and Author, Second},
  journal       = {Journal Name},
  volume        = {1},
  number        = {1},
  pages         = {1--10},
  year          = {2024},
  publisher     = {Publisher Name}
}


% Example conference paper
@inproceedings{example_smartphone_2023,
  title         = {Smartphone-based pupillometry for concussion screening},
  author        = {Author, First and Author, Second and Author, Third},
  booktitle     = {Proceedings of Conference Name},
  pages         = {100--105},
  year          = {2023},
  organization  = {IEEE}
}


% Example book
@book{example_tbi_handbook,
  title         = {Handbook of Traumatic Brain Injury Assessment},
  author        = {Editor, First and Editor, Second},
  year          = {2022},
  publisher     = {Academic Press},
  edition       = {2nd}
}


% Example online resource
@misc{example_web_resource,
  title         = {Guide to mTBI Assessment},
  author        = {Organization Name},
  year          = {2024},
  url           = {https://example.com},
  note          = {[Online; accessed 30-Oct-2025]}
}


% Example technical report
@techreport{example_tech_report,
  title         = {Development of Portable Concussion Assessment Devices},
  author        = {Researcher, First},
  institution   = {University Name},
  year          = {2023},
  type          = {Technical Report},
  number        = {TR-2023-01}
}


% Add your references below this line
% ========================================



% Common BibTeX entry types:
%
% @article         - Journal or magazine article
% @book            - Published book
% @inproceedings   - Conference paper
% @phdthesis       - PhD thesis
% @mastersthesis   - Master's thesis
% @techreport      - Technical report
% @misc            - Miscellaneous (websites, etc.)
% @manual          - Technical manual
% @patent          - Patent
%
% Common fields:
% - title, author, year (required for most types)
% - journal, volume, number, pages (for articles)
% - booktitle, organization (for conference papers)
% - publisher, edition (for books)
% - institution (for technical reports and theses)
% - url, note (for online resources)
